@online{repository,
  author   = {Nicol√≤ Vescera},
  title    = {Multidimentional Knapsack Problem Solver using a Genetic Algorihtm},
  url      = {https://github.com/ncvescera/mkp-gasolver},
  keywords = {genetic algorithm, mkp, github, project}
}

@inbook{knuth-fa,
  author    = {Donald E. Knuth},
  title     = {Fundamental Algorithms},
  publisher = {Addison-Wesley},
  year      = {1973},
  chapter   = {1.2},
  keywords  = {knuth,programming}
}